% Encoding: UTF-8

@Manual{abnTeX22014b,
  title         = {A classe abntex2},
  author        = {abnTeX2 and Lauro C\'{e}sar Araujo},
  organization  = {Equipe abnTeX2},
  year          = {2014},
  pages         = {46},
  subtitle      = {Documentos t\'{e}cnicos e cient\'{i}ficos brasileiros compat\'{i}veis com as normas ABNT},
  timestamp     = {2014.09.27},
  url           = {http://abntex2.googlecode.com/},
  urlaccessdate = {12 de setembro de 2014},
}

@Manual{abnTeX22014c,
  title         = {O pacote abntex2cite},
  author        = {Lauro C\'{e}sar Araujo and abnTeX2},
  organization  = {Equipe abnTeX2},
  year          = {2014},
  pages         = {23},
  subtitle      = {T\'{o}picos espec\'{i}ficos da ABNT NBR 10520:2002 e o estilo bibliogr\'{a}fico alfab\'{e}tico (sistema autor-data)},
  timestamp     = {2014.09.27},
  url           = {http://abntex2.googlecode.com/},
  urlaccessdate = {12 de setembro de 2014},
}

@Manual{abnTeX22014d,
  title         = {O pacote abntex2cite},
  author        = {abnTeX2 and Lauro César Araujo},
  organization  = {Equipe abnTeX2},
  year          = {2014},
  pages         = {91},
  subtitle      = {Estilos bibliogr\'{a}ficos compat\'{i}veis com a ABNT NBR 6023},
  timestamp     = {2014.09.27},
  url           = {http://abntex2.googlecode.com/},
  urlaccessdate = {12 de setembro de 2014},
}

@Book{Buerger1989,
  title     = {LaTeX for scientists and engineers},
  publisher = {McGraw-Hill},
  year      = {1989},
  author    = {Buerger, David John},
  location  = {Singapura},
  timestamp = {2014.09.27},
}

@Article{Carvalho2001,
  author       = {Cláudia Carvalho and Jos\'{e} Fajardo and Joaquim Cruz},
  title        = {Intelig{\^e}ncia competitiva numa vis\~ao de futuro},
  year         = {2001},
  volume       = {2},
  number       = {3},
  pages        = {12--16},
  journaltitle = {DataGramaZero - Revista da Ci{\^e}ncia da Informa{\c c}\~ao},
  mounth       = {junho},
  subtitle     = {proposta metodol\'{o}gica},
  timestamp    = {2014.09.27},
}

@Misc{IRL2014,
  author        = {IRL},
  title         = {Internet Research Laboratory},
  year          = {2014},
  sortkey       = {IRL},
  timestamp     = {2014.09.24},
  urlaccessdate = {8 de mar{\c c}o de 2014},
}

@Book{Kopka2003,
  title     = {Guide to LaTeX},
  publisher = {Addison-Wesley},
  year      = {2003},
  author    = {Kopka, Helmut and Daly, Patrick W.},
  edition   = {4},
  location  = {Boston},
  timestamp = {2014.09.27},
}

@Book{Lamport1986,
  title     = {LaTeX: a document preparation system},
  publisher = {Addison-Wesley},
  year      = {1986},
  author    = {Lamport, Leslie},
  location  = {Boston},
  timestamp = {2014.09.27},
}

@Misc{LaTeX2014,
  author        = {LaTeX},
  title         = {The LaTeX project},
  year          = {2014},
  timestamp     = {2014.09.27},
  url           = {http://www.latex-project.org},
  urlaccessdate = {31 de julho de 2014},
}

@Book{Maturana2003,
  title     = {A \'{A}rvore do Conhecimento},
  publisher = {Editora Palas Athena},
  year      = {2003},
  author    = {Humberto R. Maturana and Francisco J. Varela},
  edition   = {3},
  location  = {S\~ao Paulo},
  page      = {283},
  subtitle  = {as bases biol\'{o}gicas da compreens\~{a}o humana},
  timestamp = {2014.09.27},
}

@Book{Mittelbach2004,
  title     = {The LaTeX companion},
  publisher = {Addison-Wesley},
  year      = {2004},
  author    = {Mittelbach, Frank and Goossens, Michel and Braams, Johannes and Carlisle, David and Rowley, Chris},
  edition   = {2},
  location  = {Boston},
  timestamp = {2014.09.27},
}

@Manual{NBR10520:2002,
  title        = {{NBR} 10520},
  organization = {Associa{\c c}\~ao Brasileira de Normas T\'ecnicas},
  year         = {2002},
  location     = {Rio de Janeiro},
  org-short    = {ABNT},
  pages        = {7},
  subtitle     = {Informa{\c c}\~ao e documenta{\c c}\~ao --- Cita{\c c}\~oes em documentos --- Apresenta{\c c}\~ao},
  timestamp    = {2014.09.27},
}

@Manual{NBR14724:2011,
  title        = {{ABNT NBR} 14724},
  organization = {Associa{\c c}\~ao Brasileira de Normas T\'ecnicas},
  year         = {2011},
  location     = {Rio de Janeiro},
  org-short    = {ABNT},
  pages        = {11},
  subtitle     = {Informa{\c c}\~ao e documenta{\c c}\~ao --- Trabalhos acad\^emicos --- Apresenta{\c c}\~ao},
  timestamp    = {2014.09.27},
}

@Manual{NBR15287:2005,
  title        = {{ABNT NBR} 15287},
  organization = {Associa{\c c}\~ao Brasileira de Normas T\'ecnicas},
  year         = {2005},
  location     = {Rio de Janeiro},
  org-short    = {ABNT},
  pages        = {6},
  subtitle     = {Informa{\c c}\~ao e documenta{\c c}\~ao --- Projeto de pesquisa --- Apresenta{\c c}\~ao},
  timestamp    = {2014.09.27},
}

@Manual{NBR6023:2002,
  title        = {{NBR} 6023},
  organization = {Associa{\c c}\~ao Brasileira de Normas T\'ecnicas},
  year         = {2002},
  location     = {Rio de Janeiro},
  org-short    = {ABNT},
  pages        = {24},
  subtitle     = {Informa{\c c}\~ao e documenta{\c c}\~ao --- Refer\^encias --- Elabora{\c c}\~ao},
  timestamp    = {2014.09.27},
}

@Book{Silva2000,
  title     = {A Intelig{\^e}ncia da Complexidade},
  publisher = {Editora Petr\'{o}polis},
  year      = {2000},
  author    = {Silva, Joaquim and Souza, Jo\~ao {Luiz de}},
  location  = {S\~ao Paulo},
  timestamp = {2014.09.24},
}

@Article{vanGELDER1998,
  author       = {Tim {van GELDER}},
  title        = {Disentangling Dynamics, Computation and Cognition},
  year         = {1998},
  volume       = {21},
  pages        = {40--47},
  journaltitle = {Behavioral and Brain Sciences},
  sortkey      = {cognitive science, digital computer, dynamical hypothesis, dynamical system},
  timestamp    = {2014.09.26},
}

@article{nunes2017local,
  author    = {Cristiano F. G. Nunes and Flavio L. C. Padua},
  journal   = {{IEEE} Geoscience and Remote Sensing Letters},
  title     = {A Local Feature Descriptor Based on Log-Gabor Filters for Keypoint Matching in Multispectral Images},
  year      = {2017},
  month     = {oct},
  number    = {10},
  pages     = {1850--1854},
  volume    = {14},
  doi       = {10.1109/lgrs.2017.2738632},
  note      = {{DOI}: \href{https://doi.org/10.1109/lgrs.2017.2738632}{10.1109/\allowbreak lgrs.2017.2738632}},
  file      = {:nunes2017local.pdf:PDF},
  groups    = {L6 Handmade},
  publisher = {Institute of Electrical and Electronics Engineers ({IEEE})}
}
